
@Article{LubiDunn15,
  Title                    = {Computing in Operations Research Using Julia},
  Author                   = {Miles Lubin and Iain Dunning},
  Journal                  = {INFORMS Journal on Computing},
  Year                     = {2015},
  Number                   = {2},
  Pages                    = {238--248},
  Volume                   = {27},
  Optdoi                   = {10.1287/ijoc.2014.0623},
  Opturl                   = {http://dx.doi.org/10.1287/ijoc.2014.0623}
}

@article{pastell_filtering_2018,
	title = {Filtering methods to improve the accuracy of indoor positioning data for dairy cows},
	volume = {169},
	issn = {1537-5110},
	url = {http://www.sciencedirect.com/science/article/pii/S1537511017308711},
	doi = {10.1016/j.biosystemseng.2018.01.008},
	urldate = {2018-03-28},
	journal = {Biosystems Engineering},
	author = {Pastell, Matti and Frondelius, Lilli and JÃ¤rvinen, Mikko and Backman, Juha},
	month = may,
	year = {2018},
	keywords = {Indoor positioning, Dairy, Extended Kalman filter, Ultra-wide band},
	pages = {22--31}
}

@article{Bezanson2017,
  doi = {10.1137/141000671},
  url = {https://doi.org/10.1137/141000671},
  year  = {2017},
  month = {jan},
  publisher = {Society for Industrial {\&} Applied Mathematics ({SIAM})},
  volume = {59},
  number = {1},
  pages = {65--98},
  author = {Jeff Bezanson and Alan Edelman and Stefan Karpinski and Viral B. Shah},
  title = {Julia: A Fresh Approach to Numerical Computing},
  journal = {{SIAM} Review}
}
